<?xml version="1.0" encoding="UTF-8"?><collection xmlns="http://www.loc.gov/MARC21/slim"><record><leader>00396nam--2200145-i-4500</leader><controlfield tag="001">000003567</controlfield><controlfield tag="002">20161230</controlfield><controlfield tag="005">20170103001744</controlfield><controlfield tag="008">060222s1000------------r-----000-0-eng-d</controlfield><datafield ind1=" " ind2=" " tag="245"><subfield code="a">Bazele radiotehnicii. lucrari de laborator</subfield></datafield><datafield ind1=" " ind2=" " tag="260"><subfield code="a">Bucuresti</subfield><subfield code="b">Institutul Politehnic</subfield><subfield code="c">1953</subfield></datafield><datafield ind1=" " ind2=" " tag="300"><subfield code="a">154 p. + 1 Pl. + Erata</subfield></datafield><datafield ind1=" " ind2=" " tag="700"><subfield code="a">Cartianu, Gheorghe</subfield></datafield><datafield ind1=" " ind2=" " tag="852"><subfield code="a">2338</subfield></datafield><datafield ind1=" " ind2=" " tag="CAT"><subfield code="a">SYS</subfield><subfield code="c">20170103</subfield><subfield code="h">001744</subfield></datafield></record></collection>